2610 4100
239 210 272 262 68
586 222 677 269 NU'IES
702 223 849 279 oniriouus

269 331 361 384 Matilo
379 333 505 386 rationis.
528 337 557 384 Α.
581 337 614 386 Le
627 350 675 386 ms.
689 338 733 387 Ba
748 337 873 400 lusoria,
898 353 945 403 par
961 339 1157 403 anticipation:
1181 337 1204 385 ie

238 403 325 524 memle
347 412 442 456 moise
457 412 550 458 trouve
563 407 622 471 plus
636 408 699 458 loin.
713 409 909 472 Moderationis,
922 411 953 460 de
974 409 1153 472 iuste-Lipse‚
1167 415 1206 458 est

239 487 283 524 mu
297 489 305 523 1
318 489 340 526 e.

604 594 752 652 Calamus
776 600 834 653 VII.

270 729 425 796 intemplo.
439 733 500 782 Mss.
511 732 658 784 -Ursinus
670 735 795 799 acorrige
808 749 840 785 en
854 735 1026 798 Intercatiam,
1035 736 1204 800 iuste-Lipse

240 815 273 851 en
294 802 453 864 Intemelios
473 804 629 869 Mommsen,
652 805 753 868 d'apris
775 807 813 856 les
834 807 1012 871 inscriptions
1031 821 1048 856 a
1066 807 1165 857 ritabii
1180 806 1204 856 la

240 873 313 922 vraie
325 871 409 922 forme
421 873 572 924 Intimilios.

272 943 324 995 Ubi
342 944 482 995 decessor.
494 946 555 996 Mss.
568 973 598 982 —
611 947 678 996 Wex
689 952 715 998 et
727 949 874 1012 Nipperdey
884 950 1053 1012 supprimant
1062 947 1108 997 ubi
1117 949 1204 998 deces-

239 1029 314 1065 sor...
327 1015 501 1076 narrabatur,
514 1031 542 1067 ce
555 1017 599 1081 qui
613 1019 770 1084 interrompt
783 1020 808 1070 la
819 1022 887 1071 suite
899 1022 944 1070 des
960 1021 1040 1070 idios.
1056 1021 1166 1082 Madvig
1178 1020 1204 1068 lit

239 1085 287 1135 sui
300 1087 441 1148 decessore,
455 1089 521 1138 mais
536 1088 598 1139 o'est
616 1090 677 1139 hicn
699 1092 723 1140 le
739 1091 855 1156 ga'niral,
876 1093 983 1142 Roscius
994 1092 1098 1146 Caelius,
1110 1093 1158 1154 qui
1170 1097 1206 1141 est

239 1156 361 1218 sertiaux,
375 1158 408 1208 ci.
425 1159 502 1218 ΗΜ,
516 1160 535 1220 Ι,
548 1161 579 1208 60
594 1167 619 1211 et
632 1161 663 1222 Il,
675 1162 715 1212 65.
728 1191 759 1198 -
782 1162 884 1212 Urlichs
905 1165 936 1213 lit
955 1178 1013 1228 quac
1032 1163 1170 1224 seditiose,
1183 1166 1207 1211 et

239 1235 293 1279 met
314 1230 436 1279 decessor
447 1231 505 1293 plus
524 1231 571 1281 has
590 1232 645 1282 ala
664 1234 739 1296 place
755 1235 787 1283 de
803 1233 907 1298 lapistus
925 1236 1079 1299 pretorius,
1096 1237 1166 1284 mais
1180 1247 1207 1284 ca

239 1297 343 1348 dernier
355 1303 410 1350 mot
421 1305 461 1350 est
471 1302 565 1351 amena
577 1315 625 1364 par
639 1301 734 1366 leqatis
742 1303 932 1355 corisularitus.

601 1455 755 1511 Cusrtrns
777 1458 849 1511 VIII.

271 1574 379 1627 Peritos
389 1576 515 1642 obsequi.
528 1579 588 1628 Mss.
597 1607 627 1615 -
642 1579 727 1629 Ritter
738 1579 768 1630 lit
780 1579 906 1642 obsequii,
919 1579 984 1628 mais
993 1555 1100 1643 peritus
1111 1584 1174 1642 peut
1183 1593 1210 1629 sc

198 1670 199 1678 ¹
241 1651 350 1700 trouver
364 1649 427 1700 chen
446 1649 534 1699 Tacite
549 1663 611 1700 avec
629 1649 764 1711 liminius,
782 1663 884 1700 comme
901 1650 1066 1714 inanifcstas,
1084 1649 1158 1700 Dici.
1174 1653 1210 1708 16,

242 1721 476 1784 suspectissimi,
489 1723 509 1784 l,
521 1721 763 1786 45;sacttts‚itist.‚
779 1723 821 1783 lv,
836 1723 866 1772 39
872 1735 880 1783 ;
903 1726 999 1783 cartus,
1015 1721 1097 1783 Aac„
1112 1723 1156 1783 IV,
1170 1724 1209 1770 57.

537 1859 541 1868 ⁸
610 1873 759 1928 chunna
783 1874 829 1928 IX.

275 1997 308 2048 Et
328 1996 430 2062 saepius
451 1995 622 2047 misericors.
642 1997 703 2046 Mss.
721 2023 752 2035 —
774 1997 911 2060 Supprimit
936 2009 985 2059 par
1009 1996 1165 2061 Peerlkamp
1187 2003 1211 2048 et

245 2069 322 2127 Wex,
337 2069 404 2118 mais
414 2069 532 2132 explique
543 2081 592 2131 par
602 2081 630 2118 ce
642 2069 687 2131 qui
700 2068 752 2117 suit
763 2067 921 2132 (facilitas...
935 2070 1070 2130 amoram).

274 2138 384 2190 Nullam
394 2138 626 2204 ultrapotestatis
635 2151 784 2204 personam
799 2137 959 2189 :tristitiem
969 2143 1092 2189 exuerat.
1106 2140 1171 2190 Mss.
1182 2169 1211 2177 -

245 2212 390 2261 Rhenanus
407 2212 509 2274 corrige
533 2209 639 2260 nulla...
659 2222 790 2275 persona.
805 2209 960 2272 Peerlkamp
978 2214 1003 2259 et
1026 2211 1090 2260 Wex
1105 2213 1212 2274 suppri-

246 2287 322 2333 ment
334 2282 503 2332 tristitiam...
515 2284 634 2330 exuerat.
646 2281 754 2331 Heraeus
767 2281 900 2345 supprime
908 2280 1093 2330 atanaritiam.
1108 2282 1213 2332 Urlichs

247 2354 278 2403 lit
297 2351 368 2401 nihil
392 2352 481 2401 ultra:
497 2353 637 2417 potestatis
652 2366 793 2416 personam
814 2353 931 2400 cauerat.
951 2353 1064 2401 Eussner
1082 2353 1113 2402 lit
1134 2353 1212 2402 nulla

244 2424 318 2474 ultra
329 2423 440 2472 tristitia
452 2438 462 2471 .·
480 2423 619 2488 potestatis
634 2437 776 2488 personam
787 2423 907 2471 acuerat.
924 2423 1026 2471 licuerc
1039 2423 1153 2487 signifie‚
1168 2425 1210 2484 ici,

245 2509 297 2546 non
308 2508 355 2557 pas
377 2515 389 2539 ιι
408 2495 552 2558 dipouiller
564 2508 593 2544 ce
605 2495 683 2559 qu’on
700 2494 771 2543 avait
784 2513 806 2554 s,
829 2494 896 2542 mais
909 2513 920 2537 u
932 2493 1077 2557 ‹lipouiller
1091 2507 1121 2544 ce
1133 2495 1212 2559 qu'on

246 2567 364 2630 pourrait
381 2567 455 2616 avoir
470 2581 498 2626 »ς
528 2565 561 2616 cf.
583 2566 664 2627 Aac„
684 2566 727 2626 Vl,
749 2566 789 2612 25.
813 2564 991 2628 Aprippinc...
1015 2563 1138 2614 virilibus
1158 2566 1214 2614 suis

245 2637 408 2704 seminarum
424 2638 488 2686 vitiu
504 2643 624 2686 acuerat.

278 2707 378 2772 Elegit.
392 2709 453 2758 Mss.
467 2709 650 2758 -Rhenanus
662 2711 688 2757 et
699 2707 803 2757 Urlichs
815 2707 893 2757 lisent
904 2706 987 2771 etipit.
1002 2707 1067 2756 Mais
1083 2706 1162 2771 clepit
1174 2714 1213 2759 est

246 2793 283 2828 un
293 2778 390 2843 parfait
405 2779 555 2830 d'hahitude
565 2779 694 2843 analogue
707 2779 723 2828 a
736 2777 849 2828 l'aoriste
859 2791 929 2841 grec.

277 2849 390 2904 Gracia
401 2853 431 2901 A.
443 2848 525 2903 Grata
539 2852 567 2900 B.
576 2848 667 2903 Gratas
680 2851 812 2914 mengede
822 2850 932 2899 h.—La
945 2850 1092 2899 correction
1102 2852 1213 2914 eprepiae

247 2927 285 2972 est
298 2923 329 2971 de
352 2923 517 2972 Puteolanus.
534 2923 637 2972 Urlichs
651 2933 774 2972 conserve
788 2924 882 2985 prata,
900 2921 967 2971 mais
979 2934 1012 2970 on
1027 2934 1060 2970 ne
1072 2920 1214 2985 s‘explique

246 3006 294 3056 pas
306 2994 376 3045 alors
387 2995 412 3044 la
425 2995 498 3058 lacon
511 2994 543 3044 de
552 2995 582 3043 Α.

623 3151 774 3205 Cunarrms
803 3151 835 3203 ll.

279 3276 313 3329 Et
321 3275 485 3327 universum
495 3275 567 3326 rama
578 3278 623 3326 est
633 3272 823 3337 transgressis
836 3273 914 3323 seda
925 3270 1111 3336 (etuniversis
1123 3285 1215 3338 merge

249 3350 280 3398 de
290 3348 331 3412 A),
347 3353 375 3399 et
385 3346 414 3398 in
426 3345 589 3398 universum
598 3347 626 3395 Β.
634 3372 663 3382 -
672 3345 829 3403 Doederlein,
840 3344 975 3394 andresen
987 3351 1012 3394 et
1023 3342 1127 3393 Urlichs
1136 3344 1216 3396 lisent

251 3424 278 3471 et
289 3419 320 3469 in
339 3418 500 3469 universum
519 3417 592 3468 tama
609 3423 654 3470 cst
672 3431 679 3466 :
695 3415 746 3467 ssd
764 3413 963 3480 transgressis.
979 3414 1121 3464 Rhenanus
1145 3419 1216 3468 avait

250 3491 400 3554 conjecture
410 3489 483 3540 tama
494 3493 538 3540 est
548 3493 728 3554 transgressa
740 3502 746 3536 τ
761 3487 820 3538 sed.

285 3559 350 3624 Quia
362 3561 497 3612 hactenus
509 3559 616 3625 iussum
629 3564 658 3611 et
669 3558 764 3610 hiems
777 3557 928 3624 appetebat
940 3558 989 3608 sed
1001 3569 1078 3607 mare
1091 3555 1211 3622 pigrum.

253 3635 314 3685 Mss.
328 3633 473 3684 -Schultz
496 3631 526 3681 lit
535 3631 581 3681 sect
596 3631 704 3680 hians..
717 3633 743 3679 et
754 3645 827 3680 maiia
833 3631 984 3694 pips·um...;
1004 3629 1072 3678 mais
1084 3628 1213 3680 harterius
