2610 4100
348 227 402 274 sun
426 229 461 274 cu
484 226 572 272 raxrs
596 226 631 271 us
654 213 842 271 u’senrcom.
1039 220 1071 272 71

106 340 307 405 grammatical.
330 343 361 391 H.
383 343 412 392 L.
426 341 538 392 schmitt
559 340 589 389 lit
610 339 815 405 conamunieque,
832 340 893 392 bien
914 341 1015 405 eloigne
1028 344 1073 392 des

105 426 182 474 mss3
196 412 334 472 d‘ailleurs‚
349 415 373 463 le
385 425 536 464 successeur
549 413 581 461 de
599 411 737 460 Suetonius
751 425 865 474 rengera
879 413 949 462 aussi
970 413 1073 477 l'injure

105 483 254 534 commune
276 497 309 534 uu
333 485 475 534 nationale.
506 510 536 520 -
565 481 711 532 Doederleiu
738 487 763 532 et
788 483 893 532 Urlichs
912 489 1021 534 mettent
1040 500 1072 534 ne

106 569 296 619 quanquam...
312 555 460 605 consuleret
474 555 552 619 apres
563 554 651 602 miuus
662 553 753 616 letter,
765 567 793 604 ce
805 555 850 618 qui
867 568 900 614 ne
915 556 1014 606 semble
1026 570 1072 620 pas

107 627 272 676 necessaire.

141 695 226 748 Velut
241 696 317 762 pacti
329 697 471 750 exercitus
484 695 626 750 licentiam
637 695 830 758 duxsalutem,
844 700 874 749 et
884 697 995 750 seditio.
1010 699 1072 750 Mss.

105 768 140 832 (B
161 783 178 818 a
200 768 301 833 salute)
320 769 403 832 (velut
421 772 495 835 fecto
514 769 644 818 exercitus
657 767 764 816 licentio
781 768 855 818 ducis
873 770 970 831 solute,
983 784 1075 834 merge

106 841 143 890 de
151 841 195 904 Α).
204 842 277 890 -La
287 841 431 891 correction
440 844 537 892 essent
547 839 649 890 seditio
660 846 699 889 est
707 840 738 888 de
746 840 830 890 Ritter
841 847 865 890 et
875 843 987 892 Urlichs.
997 843 1074 891 Halm

105 917 135 962 et
155 913 291 962 Andresen
305 913 382 962 lisent
394 915 468 962 esset.
485 914 507 962 J.
522 910 616 960 Miiller
626 915 652 961 et
668 910 796 962 Woelfflin
812 913 993 977 conjecturem
1005 913 1077 961 veltet

106 983 196 1048 poetis
206 984 338 1033 exercitus
352 983 461 1033 licentio
474 983 551 1033 ducis
564 981 660 1031 solute.
673 983 709 1032 La
720 981 794 1046 lepon
806 983 838 1042 de
856 985 881 1035 la
898 999 989 1049 merge
1005 985 1037 1034 de
1054 984 1075 1033 A

106 1055 178 1106 n’est
191 1055 289 1118 qu’une
303 1056 460 1119 conjecture.

466 1172 615 1228 Guarinus
639 1173 722 1227 XVII.

141 1277 290 1330 Ubruisset
306 1277 506 1343 sustinuitque.
518 1279 579 1328 Mss.
589 1305 618 1314 —
634 1280 709 1328 Peter
719 1279 750 1330 lit
760 1278 956 1340 eoderelictum
970 1281 1074 1333 Urlichs

106 1350 158 1398 sed
175 1349 244 1398 subii
248 1352 257 1396 t
266 1352 459 1414 sustinuitque;
469 1351 515 1398 sed
525 1355 564 1400 est
574 1350 675 1409 inutile,
682 1350 706 1398 le
715 1350 935 1414 rapprochement
949 1353 994 1402 des
1005 1358 1073 1403 mots

108 1421 235 1470 suifisant
248 1421 265 1469 b
276 1435 401 1484 merquer
412 1421 587 1485 l'opposition.
605 1420 683 1470 Halm
695 1422 726 1471 lit
739 1423 822 1470 subiit
836 1422 1023 1488 sustinuitque,
1037 1439 1073 1474 un

107 1506 163 1556 peu
176 1493 350 1556 languissent.
363 1493 392 1542 le
413 1493 515 1554 prel'ere
530 1493 555 1541 la
573 1493 647 1557 lecon
665 1493 697 1541 de
711 1492 850 1543 Vielhaber
871 1500 897 1543 et
918 1493 1070 1544 Andrcsen:

109 1563 255 1614 obmrisset
268 1577 275 1612 ι
291 1562 434 1614 sustinuit.
448 1564 595 1627 Nipperdey
607 1565 673 1613 croit
686 1565 703 1612 a
714 1577 764 1612 une
776 1564 877 1614 lacune.

459 1693 607 1748 Cunerruu
630 1693 726 1748 XVIII.

141 1800 225 1866 Cujus
239 1799 428 1866 possessione.
445 1801 506 1850 llss.
519 1827 549 1835 -
567 1800 602 1849 Le
619 1800 779 1864 prepositicu
799 1813 815 1850 a
841 1808 879 1852 est
903 1802 1006 1866 ajoute'e
1026 1818 1073 1868 par

108 1874 171 1924 l'ed.
185 1875 218 1923 de
230 1873 400 1923 Deux-Ponts.
458 1927 462 1933 ,

140 1942 250 1996 Dubiis.
264 1945 324 1993 tiss.
337 1971 368 1981 —
385 1945 422 1993 La
432 1944 576 1992 correction
590 1937 690 1993 subitis
707 1948 746 1994 est
758 1943 790 1992 de
803 1945 956 1995 Gronovius.

139 2015 224 2067 Prius
233 2013 321 2065 nandi
332 2027 409 2065 usus.
425 2015 486 2064 Mss.
502 2041 532 2050 -
545 2015 581 2064 La
593 2014 738 2064 correction
753 2015 862 2078 patrius
879 2023 918 2066 est
929 2018 961 2067 de
976 2017 1070 2068 Puteo-

106 2088 196 2138 lanus.
210 2087 277 2138 Wex
287 2087 434 2149 conjecture
440 2087 577 2151 proprius.

472 2219 620 2273 Cuselrun
644 2219 712 2272 XIX.

140 2324 308 2381 Centuriont
319 2323 424 2376 milites
433 2323 552 2376 nescire.
564 2325 626 2375 lllss.
635 2351 664 2361 -·
675 2325 711 2374 La
720 2325 864 2376 correction
874 2326 1068 2379 centurionem

106 2399 250 2452 militesve
264 2397 355 2448 ascire
365 2403 404 2448 est
416 2398 447 2446 (le
462 2397 536 2447 Wex.
684 2457 688 2464 ¹

138 2469 274 2522 Auctione
284 2466 481 2532 inaequalitate.
493 2466 514 2515 Α
525 2466 555 2530 (Β
567 2471 593 2516 et
605 2466 730 2531 lamarge
743 2467 774 2517 de
787 2468 807 2516 Α
820 2475 865 2518 ont
878 2467 1067 2529 exactionem).

108 2571 139 2581 -
153 2541 343 2592 Lacorrcction
352 2538 527 2590 exactionem
538 2537 697 2602 aequalitate
710 2544 750 2589 est
761 2539 792 2588 de
805 2538 965 2592 Puteolanus
973 2555 980 2604 3
989 2540 1019 2591 in
1031 2547 1070 2592 est

107 2627 161 2664 une
172 2611 351 2676 dittographie
361 2612 393 2659 de
403 2622 430 2660 m
444 2609 508 2658 final
520 2609 551 2658 de
563 2609 731 2658 exactionem.

139 2683 177 2735 hc
194 2681 300 2733 luders.
312 2682 372 2731 llss.
383 2709 413 2717 -
426 2682 462 2730 La
470 2681 614 2730 correction
634 2679 759 2732 auctiore
772 2685 812 2732 est
828 2683 859 2732 cle
876 2682 988 2732 Urlichs.
1002 2683 1068 2733 Wex
1135 2715 1137 2720 -

106 2757 139 2807 lit
150 2771 183 2804 uc
203 2754 283 2813 luere,
302 2754 395 2802 Hutter
407 2767 439 2801 ac
453 2750 595 2811 recludere,
606 2753 713 2802 Heraeus
734 2767 765 2802 oc
789 2751 870 2816 liceri,
889 2755 993 2804 Classen
1008 2753 1068 2819 apri

106 2826 233 2877 cultores.
247 2825 349 2875 Urlichs
364 2836 472 2887 propose
484 2823 555 2872 aussi
570 2822 683 2872 acriore.

472 2955 619 3010 Charmae
642 2955 700 3010 XX.

140 3064 305 3117 Iritameuta
325 3063 345 3112 Α
358 3062 470 3126 (corrige
481 3075 514 3110 en
528 3059 733 3126 incitamenta),
746 3059 935 3114 irritamenta.
949 3065 976 3114 B.
990 3092 1019 3103 -
1032 3067 1068 3116 La

106 3139 256 3191 correction
267 3133 449 3186 invitamenta
462 3137 500 3182 est
513 3132 545 3180 de
556 3133 723 3195 iuste-lipse.

139 3211 173 3262 Et
192 3213 271 3260 tanta
293 3205 402 3257 ratione
429 3216 559 3268 curaque.
580 3203 640 3252 Mss.
653 3229 683 3240 —
701 3205 793 3265 linter,
809 3205 921 3268 Urlichs,
935 3208 1068 3258 Andresen

106 3282 227 3345 ajoutent
247 3275 360 3328 habitae.
384 3274 525 3324 Rhenanus
543 3273 699 3336 supprimait
715 3277 749 3336 et,
770 3287 802 3323 en
819 3273 916 3326 faisant
930 3283 1069 3341 rapporter

106 3353 213 3402 ratione
226 3362 342 3414 curaque
357 3345 558 3396 acircumdutae.

140 3423 207 3474 Pars
219 3417 382 3471 ancessita.
394 3417 455 3466 Mss
470 3443 499 3452 -
510 3415 696 3466 Weissenborn
704 3415 791 3479 ajoute
803 3417 920 3482 pariter,
931 3420 989 3484 plus
1001 3423 1068 3472 vrai-

109 3493 255 3549 semblahle
274 3489 571 3556 paleographiquemeut
585 3501 636 3551 que
656 3489 710 3536 tom
727 3489 758 3539 de
777 3489 889 3551 Urlichs,
908 3493 1021 3555 perinde
1037 3495 1069 3544 de

109 3569 203 3626 linter,
219 3564 297 3614 sicne
309 3562 420 3612 Ernesti.
442 3561 544 3609 Ernesti
561 3571 674 3622 propose
694 3561 765 3610 aussi
780 3559 829 3622 ita,
841 3576 912 3612 assez
934 3564 1070 3627 plausible.

111 3639 202 3690 Susius
216 3638 364 3699 conjecture
376 3645 452 3700 pare
466 3629 617 3680 illucessilo
630 3631 739 3680 transiit
748 3645 857 3696 septiens
870 3634 981 3684 hieme...
