2610 4100
347 231 400 278 scs
425 234 458 278 nn
482 234 571 279 nsxns
594 233 629 278 nr.
654 223 843 282 chamaam.
1039 228 1071 278 ιι

106 348 187 399 Iooto
201 345 285 407 omni,
297 346 422 399 reditura
439 351 509 399 erat.
530 348 633 398 Urlichs
645 350 793 412 conjecture
811 351 861 400 soit
880 350 969 398 carnia
981 352 1074 414 aperta

106 421 256 540 {eparci-at,
276 420 327 470 soit
349 418 466 484 praealta
495 421 592 469 Oceani
615 425 750 485 repererat
770 437 778 470 .-
795 422 832 471 les
850 423 918 472 deux
939 427 998 471 sont
1014 421 1074 471 bien

120 491 283 541 anteisistes.

451 599 599 654 Cuserrun
623 601 740 655 XXXIX.

143 723 254 774 Actum.
272 725 333 773 Mss
348 751 378 760 -
396 725 431 772 Lo
443 724 589 773 correction
600 728 712 775 auctum
725 731 764 774 est
777 726 808 774 de
820 726 987 788 Iuste-Lipse.

143 795 181 846 Ut
198 793 353 845 Domitiano
372 793 458 846 moris
475 798 546 845 erat.
567 795 597 856 A
619 797 650 845 at
666 797 766 846 Domil'
757 811 836 846 raaia
848 799 915 846 eruat
930 797 956 849 Β
975 800 1006 846 at
1017 801 1075 846 erat

107 866 309 926 Domitianam,
321 867 493 930 margedeA.

142 937 244 988 Nam..
257 904 422 989 obtinebat.
446 939 559 987 Iliss-
581 939 724 1020 'supprime
746 953 794 1002 par
812 940 958 1003 Nipperdey
971 953 1074 988 comme

106 1011 203 1074 glose:
217 1012 280 1057 cest
293 1022 345 1058 une
358 1009 522 1072 explication‚
534 1011 602 1060 mais
613 1011 658 1073 qui
671 1024 730 1074 opu
742 1011 796 1061 tire
809 1011 911 1074 ajoutte
925 1024 973 1074 par
985 1010 1072 1061 Tacite

107 1080 257 1131 lui-mirae.

474 1189 624 1244 Cusmrnn
653 1189 708 1244 XL.

141 1314 170 1366 Si
187 1314 218 1365 in
238 1312 408 1366 Britanniam
424 1312 506 1364 toret.
519 1314 580 1362 Mss.
602 1315 688 1363 -Lo
714 1315 858 1364 correction
879 1313 909 1364 ln
930 1313 1073 1365 Britannia

108 1388 244 1450 s'imposc.
259 1386 335 1435 Halm
347 1387 497 1448 conjecture
511 1386 540 1434 ia
556 1385 697 1434 Ileilaaaia
707 1385 794 1434 etiam.

141 1457 235 1509 Auxit.
247 1458 308 1507 Mss.
323 1483 353 1492 —
372 1458 407 1506 La
419 1457 565 1507 correction
577 1455 673 1507 hausit
685 1462 722 1506 est
733 1457 764 1506 tle
779 1458 854 1507 Wex.

466 1605 616 1659 Cusanum
647 1605 714 1659 XLI.

143 1729 235 1782 IIisia.
247 1731 306 1778 Mss.
321 1757 350 1764 -
369 1730 404 1778 Lo
416 1730 562 1778 correction
576 1727 672 1780 Uoesia
684 1734 723 1778 est
735 1729 766 1778 de
777 1729 947 1792 Iuste-Lipse.

141 1800 280 1852 Militares
288 1799 352 1851 viri.
369 1801 431 1850 Mss.
442 1801 624 1850 —Gronovius
632 1800 662 1849 lit
677 1798 809 1848 raililares
821 1801 879 1861 otri,
891 1801 994 1851 Urlichs
1007 1799 1075 1850 ilmi-

109 1879 183 1924 lares
199 1873 257 1920 vici.
278 1873 297 1921 Il
317 1877 357 1921 est
375 1871 433 1934 plus
453 1871 556 1921 naturel
572 1871 603 1920 ile
623 1885 749 1934 supposer
762 1871 823 1935 qu’il
840 1878 878 1923 est
901 1873 1022 1935 question
1043 1874 1074 1922 de

109 1946 256 2010 generans,
270 1942 405 2006 opposesat
417 1942 547 2006 Agricola.

142 2015 254 2065 Eorum.
266 2015 327 2062 llss
348 2013 432 2061 -La
451 2013 596 2063 correction
618 2011 737 2065 aliorum
752 2013 832 2062 estne
853 2012 912 2063 I'ed.
927 2013 1072 2077 Bipontine.

107 2087 222 2148 arloptoe
243 2098 289 2147 par
308 2084 443 2134 Andresen
468 2089 493 2132 ct
519 2084 633 2147 s'appuie
653 2098 698 2134 sur
720 2085 798 2148 ilict,
821 2083 862 2144 ΙΙΙ,
889 2087 912 2143 3,
940 2088 970 2133 ul
991 2099 1074 2133 cacam

108 2159 200 2207 viram
228 2155 380 2219 dilectuque,
406 2161 493 2218 spreta
524 2154 638 2204 aliorum
663 2156 786 2218 scansilia.
813 2153 937 2204 laudibus
961 2157 1072 2217 ferrent.

108 2229 218 2278 Grotius
231 2227 261 2276 lit
282 2232 436 2286 ceterorum,
454 2226 531 2276 Nolle
541 2227 674 2291 priorum,
689 2226 791 2276 Urlichs
803 2225 986 2276 iaabcllr'oruar.
1005 2227 1073 2276 Bach

108 2299 177 2350 croit
195 2300 212 2348 a
228 2311 280 2348 une
295 2300 387 2348 lacune
399 2310 449 2360 que
471 2297 548 2346 Halm
560 2299 642 2347 essaie
654 2299 685 2347 de
709 2297 824 2347 comblou
842 2312 847 2346 :
871 2311 961 2346 earam
979 2297 1074 2362 paliares

110 2371 243 2420 exercilus
256 2370 383 2420 committi
397 2367 521 2418 solerent.

461 2518 611 2573 Cusrlrss
641 2519 722 2572 XLII.

141 2641 269 2707 Aphricae
289 2645 318 2692 et
331 2641 413 2694 Asia.
424 2643 454 2691 A.
466 2641 537 2693 Asiae
549 2645 577 2692 et
587 2641 722 2706 Aphrioae
737 2642 764 2691 Β.
779 2669 809 2678 -
830 2643 1072 2705 lusio-Lipserem-

110 2714 186 2778 piace
208 2719 233 2762 et
246 2727 293 2776 par
307 2718 363 2774 acl,
376 2715 566 2777 Nipperdey
542 2727 590 2776 piar
602 2712 663 2762 vei:
676 2714 743 2762 mais
762 2727 804 2762 ces
828 2713 894 2762 deux
919 2727 995 2762 noms
1014 2721 1074 2764 sont

105 2786 190 2847 joints
212 2785 277 2834 dans
294 2797 344 2833 une
361 2785 511 2848 expression
529 2791 601 2835 toute
619 2783 690 2834 faita
709 2785 858 2834 -Urlichs
875 2785 1009 2848 supprime
1031 2797 1073 2834 cos

110 2862 195 2906 mols:
213 2855 246 2904 ils
257 2856 426 2906 contiennenl
436 2863 561 2919 pourlanl
576 2869 625 2905 une
635 2855 800 2937 dasignation
812 2855 1015 2918 indispensahle.

138 2926 200 2978 IIon
214 2930 271 2978 tam
282 2926 403 2977 obscuri.
411 2927 471 2976 llss.
481 2955 508 2962 -
516 2928 552 2976 La
560 2927 705 2976 correction
715 2925 1071 2990 noniamesldelihenanus.

141 2996 347 3049 Proconsulari.
360 2999 389 3048 A.
399 2997 537 3049 Prooosri.
549 2999 577 3048 B.
585 3025 615 3032 -
625 2999 660 3046 De
672 2998 707 3047 La
715 2998 834 3047 Bletterie
846 3003 872 3046 et
881 2997 984 3047 Urlichs
996 2998 1074 3048 liscnt

106 3069 307 3135 proconsulare,
322 3069 389 3118 mais
399 3069 470 3118 alors
484 3069 592 3118 scillam
603 3069 695 3132 offerri
710 3083 742 3118 ne
754 3074 807 3118 sert
821 3069 837 3118 el
850 3068 914 3118 rien.
926 3069 1072 3119 Mommsen

107 3142 218 3190 restitue
229 3140 288 3190 hieu
299 3138 461 3208 proconsuli
481 3139 622 3190 consulari
643 3154 649 3188 ε
675 3139 698 3189 Ie
716 3139 866 3202 proconsul,
881 3139 975 3202 simple
990 3141 1073 3190 admi-

107 3213 263 3272 nistratam,
277 3213 341 3262 n'est
354 3225 400 3276 pas
412 3212 557 3261 iorctment
565 3212 658 3260 ancien
667 3211 755 3260 consul
767 3224 773 3271 ;
785 3210 823 3259 s'iI
837 3209 903 3272 lest,
918 3223 966 3260 son
978 3211 1072 3261 saisire

108 3289 149 3333 est
160 3284 310 3346 augmenta.

141 3353 178 3404 Eo
189 3352 282 3404 laudis
299 3353 445 3415 excedere,
465 3367 518 3419 quo
538 3352 665 3418 plerique
676 3365 729 3418 per
743 3352 863 3417 abrupta
880 3351 930 3402 sed
945 3351 975 3403 in
984 3353 1071 3404 ullum

107 3424 151 3476 rei
165 3430 233 3489 post
248 3438 328 3476 usum
346 3424 494 3476 ambitiosa
510 3428 600 3476 morte
618 3422 819 3475 inclaruerunt.
838 3425 900 3473 Mss.
918 3425 954 3486 (in
966 3424 1072 3474 callam

107 3511 138 3546 re
148 3511 176 3559 p.
190 3509 283 3559 marge
292 3498 324 3547 de
336 3498 413 3552 Al.-
422 3495 470 3546 Rei
479 3495 597 3560 publicae
608 3501 647 3546 est
661 3508 711 3544 une
724 3496 869 3546 correcIIon
881 3495 913 3544 de
929 3496 1022 3545 Murci.
1037 3497 1071 3546 Le

107 3573 177 3618 reste
197 3573 236 3616 est
253 3567 356 3617 obscur.
379 3568 505 3630 J'adopte‚
528 3567 599 3617 larue
615 3566 755 3626 demicus,
772 3566 798 3616 Ia
812 3566 887 3630 lepon
903 3567 934 3615 de
946 3567 1069 3616 Heraeus:

108 3651 162 3704 qno
177 3637 305 3704 plerique
321 3651 373 3703 per
391 3639 513 3704 abrupte
532 3638 607 3689 enisi
626 3637 657 3688 in
672 3634 777 3688 nullum
794 3637 837 3687 rei
853 3635 972 3702 publicas
988 3650 1069 3688 usum
